<record><leader>00000cas a2200000 i 4500</leader><controlfield tag="001">10772227</controlfield><controlfield tag="008">840524d18101812vtuwr ne      0    0eng c</controlfield><datafield ind1=" " ind2=" " tag="010"><subfield code="a">sn 84023146 </subfield></datafield><datafield ind1=" " ind2=" " tag="040"><subfield code="a">AQM</subfield><subfield code="b">eng</subfield><subfield code="e">rda</subfield><subfield code="c">AQM</subfield><subfield code="d">NPX</subfield><subfield code="d">NPU</subfield><subfield code="d">MGN</subfield><subfield code="d">NVN</subfield><subfield code="d">OCL</subfield><subfield code="d">NYS</subfield><subfield code="d">DLC</subfield><subfield code="d">OCLCG</subfield><subfield code="d">DLC</subfield><subfield code="d">KRTAS</subfield><subfield code="d">UKMGB</subfield><subfield code="d">OCLCQ</subfield><subfield code="d">OCLCA</subfield><subfield code="d">OCLCQ</subfield><subfield code="d">OCLCO</subfield><subfield code="d">OCLCA</subfield><subfield code="d">OCLCF</subfield><subfield code="d">CUS</subfield><subfield code="d">IUL</subfield></datafield><datafield ind1="7" ind2=" " tag="016"><subfield code="a">013917636</subfield><subfield code="2">Uk</subfield></datafield><datafield ind1=" " ind2=" " tag="042"><subfield code="a">pcc</subfield></datafield><datafield ind1=" " ind2=" " tag="043"><subfield code="a">n-us-vt</subfield></datafield><datafield ind1="0" ind2="0" tag="050"><subfield code="a">Newspaper</subfield></datafield><datafield ind1="0" ind2=" " tag="130"><subfield code="a">Northern centinel (Burlington, Vt. : 1810)</subfield></datafield><datafield ind1="1" ind2="0" tag="245"><subfield code="a">Northern centinel.</subfield></datafield><datafield ind1="1" ind2="3" tag="246"><subfield code="a">Northern sentinel</subfield></datafield><datafield ind1=" " ind2="1" tag="264"><subfield code="a">Burlington, Vt. :</subfield><subfield code="b">Printed by Samuel Mills for the Proprietors</subfield></datafield><datafield ind1=" " ind2=" " tag="300"><subfield code="a">volumes ;</subfield><subfield code="c">50 cm</subfield></datafield><datafield ind1=" " ind2=" " tag="310"><subfield code="a">Weekly</subfield></datafield><datafield ind1=" " ind2=" " tag="336"><subfield code="a">text</subfield><subfield code="b">txt</subfield><subfield code="2">rdacontent</subfield></datafield><datafield ind1=" " ind2=" " tag="337"><subfield code="a">unmediated</subfield><subfield code="b">n</subfield><subfield code="2">rdamedia</subfield></datafield><datafield ind1=" " ind2=" " tag="338"><subfield code="a">volume</subfield><subfield code="b">nc</subfield><subfield code="2">rdacarrier</subfield></datafield><datafield ind1="1" ind2=" " tag="362"><subfield code="a">Began Dec. 13, 1810.</subfield></datafield><datafield ind1="0" ind2=" " tag="362"><subfield code="a">-vol. II, no. 52 (December 3, 1812).</subfield></datafield><datafield ind1=" " ind2=" " tag="500"><subfield code="a">"If there be any among us, who would wish to dissolve this Union, or to change its Republican form, Let them stand undisturbed as monuments of the safety with which Error or opinion may be tolerated, when Reason is left free to combat it, Thomas Jefferson, 12/27/1810."</subfield></datafield><datafield ind1="4" ind2=" " tag="510"><subfield code="a">Brigham, C.S. American newspapers</subfield><subfield code="c">p. 1081</subfield></datafield><datafield ind1=" " ind2=" " tag="530"><subfield code="a">Available on microfilm from Readex (Early American Newspapers).</subfield></datafield><datafield ind1=" " ind2=" " tag="588"><subfield code="a">Description based on: Vol. I, no. 2 (December 20, 1810); title from masthead, America's Historical Newspapers (viewed September 14, 2017).</subfield></datafield><datafield ind1=" " ind2="0" tag="651"><subfield code="a">Burlington (Vt.)</subfield><subfield code="v">Newspapers.</subfield></datafield><datafield ind1=" " ind2="0" tag="651"><subfield code="a">Chittenden County (Vt.)</subfield><subfield code="v">Newspapers.</subfield></datafield><datafield ind1=" " ind2="0" tag="651"><subfield code="a">Vermont</subfield><subfield code="v">Newspapers.</subfield></datafield><datafield ind1=" " ind2="7" tag="651"><subfield code="a">Vermont.</subfield><subfield code="2">fast</subfield><subfield code="0">(OCoLC)fst01204305</subfield></datafield><datafield ind1=" " ind2="7" tag="651"><subfield code="a">Vermont</subfield><subfield code="z">Burlington.</subfield><subfield code="2">fast</subfield><subfield code="0">(OCoLC)fst01207603</subfield></datafield><datafield ind1=" " ind2="7" tag="651"><subfield code="a">Vermont</subfield><subfield code="z">Chittenden County.</subfield><subfield code="2">fast</subfield><subfield code="0">(OCoLC)fst01211998</subfield></datafield><datafield ind1=" " ind2="7" tag="655"><subfield code="a">Newspapers.</subfield><subfield code="2">fast</subfield><subfield code="0">(OCoLC)fst01423814</subfield></datafield><datafield ind1="1" ind2=" " tag="700"><subfield code="a">Mills, Samuel,</subfield><subfield code="d">1783 or 1784-1852.</subfield></datafield><datafield ind1=" " ind2=" " tag="752"><subfield code="a">United States</subfield><subfield code="b">Vermont</subfield><subfield code="c">Chittenden</subfield><subfield code="d">Burlington.</subfield></datafield><datafield ind1="0" ind2="8" tag="776"><subfield code="i">Microfilm version:</subfield><subfield code="t">Northern centinel (Burlington, Vt. : 1810)</subfield><subfield code="w">(OCoLC)48259339</subfield></datafield><datafield ind1="0" ind2="0" tag="780"><subfield code="t">Vermont centinel (Burlington, Vt. : 1801)</subfield><subfield code="w">(DLC)sn 83025693</subfield><subfield code="w">(OCoLC)9743654</subfield></datafield><datafield ind1="0" ind2="0" tag="785"><subfield code="t">Centinel (Burlington, Vt. : 1812)</subfield><subfield code="w">(DLC)sn 84023147</subfield><subfield code="w">(OCoLC)10774201</subfield></datafield><datafield ind1="4" ind2="1" tag="856"><subfield code="u">http://infoweb.newsbank.com/?db=EANX&amp;s_browseRef=decades/10CE5456336F1188/all.xml</subfield></datafield><datafield ind1=" " ind2=" " tag="938"><subfield code="a">Kirtas Technologies, Inc.</subfield><subfield code="b">KRTS</subfield><subfield code="n">738467</subfield></datafield><datafield ind1="1" ind2=" " tag="029"><subfield code="a">AU@</subfield><subfield code="b">000020129359</subfield></datafield></record>